%% This BibTeX bibliography file was created using BibDesk.
%% http://bibdesk.sourceforge.net/


%% Created for Guillermo Garza at 2011-08-15 22:49:24 -0500 


%% Saved with string encoding Unicode (UTF-8) 



@mastersthesis{Garza:2011fk,
	Author = {Guillermo Garza},
	Month = {August},
	School = {The University of Texas-Pan American},
	Title = {Mathematics of Synthetic Aperture Radar Imaging},
	Year = {2011},
}
