@article{raben,
author = {Rajeev Thakur and Rolf Rabenseifner and William Gropp},
title ={Optimization of Collective Communication Operations in MPICH},
journal = {The International Journal of High Performance Computing Applications},
volume = {19},
number = {1},
pages = {49-66},
year = {2005},
doi = {10.1177/1094342005051521},

URL = { 
        https://doi.org/10.1177/1094342005051521
    
},
eprint = { 
        https://doi.org/10.1177/1094342005051521
    
}
,
}


